@ARTICLE{Lorensen87marchingcubes,
	author = {William E. Lorensen and Harvey E. Cline},
	title = {Marching cubes: A high resolution 3D surface construction algorithm},
	journal = {COMPUTER GRAPHICS},
	year = {1987},
	volume = {21},
	number = {4},
	pages = {163--169}
}

@ARTICLE{Cline88twoalgorithms,
	author = {Harvey E. Cline and William E. Lorensen and S. Ludke and C.R. Crawford and B.C. Teeter},
	title = {Two algorithms for the three-dimensional reconstruction of tomograms},
	journal = {Medical Physics},
	year = {1988},
	month = {May},
	volume = {15},
	number = {3},
	pages = {320--327}
}

@INPROCEEDINGS{Shirley90apolygonal,
	author = {Peter Shirley and Allan Tuchman},
	title = {A Polygonal Approximation to Direct Scalar Volume Rendering},
	booktitle = {Computer Graphics},
	year = {1990},
	pages = {63--70}
}

MISC{Bloomenthal88polygonizationof,
	author = {Jules Bloomenthal},
	title = {Polygonization of Implicit Surfaces},
	year = {1988}
}

http://citeseerx.ist.psu.edu/viewdoc/summary?doi=10.1.1.23.7264
http://dl.acm.org/citation.cfm?id=55285
@article{Bloomenthal88polygonizationof,
	author = {Bloomenthal, J.},
	title = {Polygonization of implicit surfaces},
	journal = {Comput. Aided Geom. Des.},
	issue_date = {Nov. 1988},
	volume = {5},
	number = {4},
	month = nov,
	year = {1988},
	issn = {0167-8396},
	pages = {341--355},
	numpages = {15},
	url = {http://dx.doi.org/10.1016/0167-8396(88)90013-1},
	doi = {10.1016/0167-8396(88)90013-1},
	acmid = {55285},
	publisher = {Elsevier Science Publishers B. V.},
	address = {Amsterdam, The Netherlands, The Netherlands},
}

@ARTICLE{Shu95adaptivemarching,
	author = {Renben Shu and Chen Zhou and Mohan S. Kankanhalli},
	title = {Adaptive Marching Cubes},
	journal = {THE VISUAL COMPUTER},
	year = {1995},
	volume = {11},
	pages = {202--217}
}

@ARTICLE{Lewiner03efficientimplementation,
	author = {Thomas Lewiner and Helio Lopes and Antonio Wilson Vieira and Geovan Tavares},
	title = {Efficient implementation of Marching Cubes' cases with topological guarantees},
	journal = {Journal of Graphics Tools},
	year = {2003},
	volume = {8},
	pages = {2003}
}

@TECHREPORT{Chernyaev95marchingcubes,
	author = {Evgeni V. Chernyaev},
	title = {Marching Cubes 33: Construction of Topologically Correct Isosurfaces},
	year = {1995}
}

@ARTICLE{BAPayne90surfacemapping,
	author = {Bradley A. Payne and Arthur W. Toga},
	title = {Surface mapping brain function on 3D models},
	journal = {Computer Graphics and Applications, IEEE},
	year = {1990},
	month = {September},
	volume = {10},
	issue = {5},
	pages = {33--41}
}

MISC{Ruprecht94ascheme,
	author = {Detlef Ruprecht and Heinrich Müller},
ho	title = {A Scheme for Edge-based Adaptive Tetrahedron Subdivision},
	year = {1994}
}

http://citeseerx.ist.psu.edu/viewdoc/summary?doi=10.1.1.42.9474
http://books.google.cl/books?id=9chWtwAACAAJ
@book{Ruprecht94ascheme,
	author = {Detlef Ruprecht and Heinrich Müller},
	publisher = {Dekanat Informatik, Univ},
	series={Forschungsberichte des Fachbereichs Informatik der Universit{\"a}t Dortmund},
	title = {{A Scheme for Edge based adaptive Tetrahedron Subdivision}},
	year = {1994}
}

MISC{Dietrich_marchingcubes,
	author = {Carlos A. Dietrich and Carlos E. Scheidegger and João L. D. Comba and Luciana P. Nedel and Cláudio T. Silva and Senior Member},
	title = {Marching Cubes without Skinny Triangles},
	year = {}
}

http://130.203.133.150/viewdoc/summary;jsessionid=89B215F096F5C93E000724ECCCDD1259?doi=10.1.1.214.6950
http://dl.acm.org/citation.cfm?id=1512212
@article{Dietrich_marchingcubes,
	author = {Dietrich, Carlos A. and Scheidegger, Carlos E. and Comba, Jo\~{a}o L. D. and Nedel, Luciana P. and Silva, Cl\'{a}udio T.},
	title = {Marching Cubes without Skinny Triangles},
	journal = {Computing in Science and Engg.},
	issue_date = {March 2009},
	volume = {11},
	number = {2},
	month = mar,
	year = {2009},
	issn = {1521-9615},
	pages = {82--87},
	numpages = {6},
	url = {http://dx.doi.org/10.1109/MCSE.2009.34},
	doi = {10.1109/MCSE.2009.34},
	acmid = {1512212},
	publisher = {IEEE Educational Activities Department},
	address = {Piscataway, NJ, USA},
	keywords = {Isosurfacing, Isosurfacing, marching cubes, numerical simulation, visualization corner, marching cubes, numerical simulation, visualization corner},
} 


@MISC{Cavusoglu03eecs600nakamura,
	author = {Prof Cavusoglu},
	title = {EECS600 Nakamura, K., Manual Registration of Rendered MRI by Marching Cube Algorithm 1 3D Computer Graphics for Simulations},
	year = {2003}
}

@article{Rineau2007100,
	title = "A generic software design for Delaunay refinement meshing",
	journal = "Computational Geometry",
	volume = "38",
	number = "1–2",
	pages = "100 - 110",
	year = "2007",
	note = "Special Issue on CGAL",
	issn = "0925-7721",
	doi = "10.1016/j.comgeo.2006.11.008",
	url = "http://www.sciencedirect.com/science/article/pii/S0925772107000193",
	author = "Laurent Rineau and Mariette Yvinec",
	keywords = "Mesh generation",
	keywords = "Delaunay refinement",
	keywords = "Generic programming"
}

@inproceedings{Kazhdan2006PoissonSurfaceReconstruction,
	author = {Kazhdan, Michael and Bolitho, Matthew and Hoppe, Hugues},
	title = {Poisson surface reconstruction},
	booktitle = {Proceedings of the fourth Eurographics symposium on Geometry processing},
	series = {SGP '06},
	year = {2006},
	isbn = {3-905673-36-3},
	location = {Cagliari, Sardinia, Italy},
	pages = {61--70},
	numpages = {10},
	url = {http://dl.acm.org/citation.cfm?id=1281957.1281965},
	acmid = {1281965},
	publisher = {Eurographics Association},
	address = {Aire-la-Ville, Switzerland, Switzerland},
}

@article{Delaunay1934,
	author = {Delaunay, Boris N.},
	journal = {Bulletin of Academy of Sciences of the USSR},
	number = {6},
	pages = {793--800},
	priority = {2},
	title = {{Sur la sph\`{e}re vide}},
	year = {1934}
}